@inproceedings{lnic,
  title={The Case for a Network Fast Path to the CPU},
  author={Ibanez, Stephen and Shahbaz, Muhammad and McKeown, Nick},
  booktitle={Proceedings of the 18th ACM Workshop on Hot Topics in Networks},
  pages={52--59},
  year={2019}
}

@inproceedings{shinjuku,
  title={Shinjuku: Preemptive scheduling for $\mu$second-scale tail latency},
  author={Kaffes, Kostis and Chong, Timothy and Humphries, Jack Tigar and Belay, Adam and Mazi{\`e}res, David and Kozyrakis, Christos},
  booktitle={16th $\{$USENIX$\}$ Symposium on Networked Systems Design and Implementation ($\{$NSDI$\}$ 19)},
  pages={345--360},
  year={2019}
}

@inproceedings{shenango,
  title={Shenango: Achieving High $\{$CPU$\}$ Efficiency for Latency-sensitive Datacenter Workloads},
  author={Ousterhout, Amy and Fried, Joshua and Behrens, Jonathan and Belay, Adam and Balakrishnan, Hari},
  booktitle={16th $\{$USENIX$\}$ Symposium on Networked Systems Design and Implementation ($\{$NSDI$\}$ 19)},
  pages={361--378},
  year={2019}
}

@inproceedings{rpcvalet,
  title={RPCValet: NI-Driven Tail-Aware Balancing of $\mu$s-Scale RPCs},
  author={Daglis, Alexandros and Sutherland, Mark and Falsafi, Babak},
  booktitle={Proceedings of the Twenty-Fourth International Conference on Architectural Support for Programming Languages and Operating Systems},
  pages={35--48},
  year={2019}
}

@inproceedings{changa,
  title={Massively parallel cosmological simulations with ChaNGa},
  author={Jetley, Pritish and Gioachin, Filippo and Mendes, Celso and Kale, Laxmikant V and Quinn, Thomas},
  booktitle={2008 IEEE International Symposium on Parallel and Distributed Processing},
  pages={1--12},
  year={2008},
  organization={IEEE}
}

@inproceedings{charm++,
  title={Charm++ A portable concurrent object oriented system based on C++},
  author={Kale, Laxmikant V and Krishnan, Sanjeev},
  booktitle={Proceedings of the eighth annual conference on Object-oriented programming systems, languages, and applications},
  pages={91--108},
  year={1993}
}